<mx:record xmlns="http://www.w3.org/TR/xhtml1/strict" xmlns:mx="http://www.loc.gov/MARC21/slim" xmlns:xsi="http://www.w3.org/2001/XMLSchema-instance"><mx:leader>00000nz a2200000n 45 0</mx:leader><mx:controlfield tag="001">oca02679771 </mx:controlfield><mx:controlfield tag="005">19900203063238.6</mx:controlfield><mx:controlfield tag="008">900201n| acannaab| |n aaa c</mx:controlfield><mx:datafield ind1=" " ind2=" " tag="010"><mx:subfield code="a">nr 90001422</mx:subfield></mx:datafield><mx:datafield ind1=" " ind2=" " tag="040"><mx:subfield code="a">NjP</mx:subfield><mx:subfield code="c">NjP</mx:subfield></mx:datafield><mx:datafield ind1="0" ind2=" " tag="100"><mx:subfield code="a">Oenomaus,</mx:subfield><mx:subfield code="c">of Gadara,</mx:subfield><mx:subfield code="d">2nd cent.</mx:subfield></mx:datafield><mx:datafield ind1=" " ind2=" " tag="670"><mx:subfield code="a">Hammerstaedt, J. Die Orakelkritik des Kynikers Oenomaus,
        1988.</mx:subfield></mx:datafield><mx:datafield ind1=" " ind2=" " tag="670"><mx:subfield code="a">Oxford class. dict., 2nd ed.</mx:subfield><mx:subfield code="b">(Oenomaus of Gadara, ca. A.D. 120, cynic philosopher)</mx:subfield></mx:datafield><mx:datafield ind1=" " ind2=" " tag="670"><mx:subfield code="a">Mantinband, J.H. Concise dict. Grk. lit., 1962</mx:subfield><mx:subfield code="b">(Oenomaus of Gadara; Cynic philosopher, 2nd cent. A.D.)</mx:subfield></mx:datafield><mx:datafield ind1=" " ind2=" " tag="999"><mx:subfield code="a">90</mx:subfield></mx:datafield></mx:record>